@article{squeezenet,
  title={Squeezenet: Alexnet-level accuracy with 50x fewer parameters and< 0.5 mb model size},
  author={Iandola, Forrest N and Han, Song and Moskewicz, Matthew W and Ashraf, Khalid and Dally, William J and Keutzer, Kurt},
  journal={arXiv preprint arXiv:1602.07360},
  year={2016}
}

@inproceedings{goingdeep,
  title={Going deeper with embedded fpga platform for convolutional neural network},
  author={Qiu, Jiantao and Wang, Jie and Yao, Song and Guo, Kaiyuan and Li, Boxun and Zhou, Erjin and Yu, Jincheng and Tang, Tianqi and Xu, Ningyi and Song, Sen and others},
  booktitle={Proceedings of the 2016 ACM/SIGDA International Symposium on Field-Programmable Gate Arrays},
  pages={26--35},
  year={2016},
  organization={ACM}
}

@inproceedings{layered,
  title={A layer-based structured design of CNN on FPGA},
  author={Huang, Chao and Ni, Siyu and Chen, Gengsheng},
  booktitle={ASIC (ASICON), 2017 IEEE 12th International Conference on},
  pages={1037--1040},
  year={2017},
  organization={IEEE}
}

@inproceedings{optimizing,
  title={Optimizing fpga-based accelerator design for deep convolutional neural networks},
  author={Zhang, Chen and Li, Peng and Sun, Guangyu and Guan, Yijin and Xiao, Bingjun and Cong, Jason},
  booktitle={Proceedings of the 2015 ACM/SIGDA International Symposium on Field-Programmable Gate Arrays},
  pages={161--170},
  year={2015},
  organization={ACM}
}

@inproceedings{alexnet,
  title={Imagenet classification with deep convolutional neural networks},
  author={Krizhevsky, Alex and Sutskever, Ilya and Hinton, Geoffrey E},
  booktitle={Advances in neural information processing systems},
  pages={1097--1105},
  year={2012}
}

@article{imagenet,
  title={Imagenet large scale visual recognition challenge},
  author={Russakovsky, Olga and Deng, Jia and Su, Hao and Krause, Jonathan and Satheesh, Sanjeev and Ma, Sean and Huang, Zhiheng and Karpathy, Andrej and Khosla, Aditya and Bernstein, Michael and others},
  journal={International Journal of Computer Vision},
  volume={115},
  number={3},
  pages={211--252},
  year={2015},
  publisher={Springer}
}

@misc{weight,
  title = {{SqueezeNet trained weights for Imagenet dataset}},
  howpublished = "\url{https://github.com/DeepScale/SqueezeNet}",
  year = {2018}, 
  note = "[Online; accessed 19-July-2018]"
}


@misc{zynqnet,
  title = {{ZynqNet: An FPGA-Accelerated Embedded Convolutional Neural Network}},
  author={David Gschwend, Emanuel Schmid, Felix Eberli, Anton Gunzinger},
  howpublished = "\url{https://github.com/dgschwend/zynqnet}",
  year = {2018}, 
  note = "[Online; accessed 19-July-2018]"
}
